<?xml version="1.0" encoding="UTF-8"?><collection xmlns="http://www.loc.gov/MARC21/slim"><record><leader>00440nam--2200145-i-4500</leader><controlfield tag="001">000003630</controlfield><controlfield tag="002">20161230</controlfield><controlfield tag="005">20170302000327</controlfield><controlfield tag="008">060222s1000------------r-----000-0-eng-d</controlfield><datafield ind1=" " ind2=" " tag="100"><subfield code="a">Clondescu, Ing. G</subfield></datafield><datafield ind1=" " ind2=" " tag="245"><subfield code="a">Acumulatoare electrice. Consstructie, function are, exploatare si intretinere</subfield></datafield><datafield ind1=" " ind2=" " tag="260"><subfield code="a">Bucuresti</subfield><subfield code="b">Editura Energetica De Stat</subfield><subfield code="c">1955</subfield></datafield><datafield ind1=" " ind2=" " tag="300"><subfield code="a">246-(248) p. Cu Ilustr</subfield></datafield><datafield ind1=" " ind2=" " tag="852"><subfield code="a">621.355.1</subfield></datafield><datafield ind1=" " ind2=" " tag="CAT"><subfield code="a">SYS</subfield><subfield code="c">20170302</subfield><subfield code="h">000327</subfield></datafield></record></collection>